<?xml version="1.0" encoding="UTF-8"?><collection xmlns="http://www.loc.gov/MARC21/slim"><record><leader>00365nam--2200121-i-4500</leader><controlfield tag="001">000012323</controlfield><controlfield tag="002">20161230</controlfield><controlfield tag="005">20161230201029</controlfield><controlfield tag="008">060222s1000------------r-----000-0-eng-d</controlfield><datafield ind1=" " ind2=" " tag="080"><subfield code="a">621.039(047.1:485):061.62(047.1:485)</subfield></datafield><datafield ind1=" " ind2=" " tag="245"><subfield code="a">Ab atomenergi marketing departament, studsvik, 1976/77</subfield></datafield><datafield ind1=" " ind2=" " tag="260"><subfield code="a">Nykoping, Studsvik, Marketing Departament, 1976 . 39p</subfield></datafield><datafield ind1=" " ind2=" " tag="852"><subfield code="a">45264</subfield></datafield></record></collection>